@misc{mongodb-intro,
  author = "{10gen Inc.}",
  title = "{MongoDB Introduction}",
  year = "2012",
  url = "http://www.mongodb.org/display/DOCS/Introduction",
  howpublished={\url{"http://www.mongodb.org/display/DOCS/Introduction"}},
  note = "[Online; accessed 2012-10-12]"
}

@misc{mysql-about,
  author = "Oracle Corporation",
  title = "{MySQL About}",
  year = "2012",
  howpublished={\url{"http://www.mysql.com/about/"}},
  note = "[Online; accessed 2012-10-12]"
}

@misc{couchdb-about,
  author = "The Apache Software Foundation",
  title = "{CouchDB} About",
  year = "2012",
  howpublished={\url{"http://couchdb.apache.org/"}},
  note = "[Online; accessed 2012-10-12]"
}

@misc{couchdb-technical,
  author = "The Apache Software Foundation",
  title = "{CouchDB} Technical Overview",
  year = "2012",
  howpublished={\url{"http://wiki.apache.org/couchdb/Technical%20Overview"}},
  note = "[Online; accessed 2012-10-12]"
}
















